
@article{bejarano1980,
  author = {Bejarano, J. A.},
  title = {Los estudios sobre la historia del café en Colombia},
  journal = {Cuadernos de Economía},
  volume = {1},
  number = {2},
  pages = {115--140},
  year = {1980},
  url = {https://revistas.unal.edu.co/index.php/ceconomia/article/view/19063}
}

@article{boryan2011,
  author = {Boryan, C. and Yang, Z. and Mueller, R. and Craig, M.},
  title = {Monitoring US agriculture: the US Department of Agriculture, National Agricultural Statistics Service, Cropland Data Layer Program},
  journal = {International Journal of Remote Sensing},
  volume = {26},
  number = {5},
  pages = {341--358},
  year = {2011},
  doi = {10.1080/10106049.2011.562309}
}

@article{chen2016,
  author = {Chen, L.-C. and Papandreou, G. and Kokkinos, I. and Murphy, K. and Yuille, A. L.},
  title = {DeepLab: Semantic Image Segmentation with Deep Convolutional Nets, Atrous Convolution, and Fully Connected CRFs},
  year = {2016},
  url = {http://arxiv.org/abs/1606.00915}
}

@misc{chen2017,
      title={DeepLab: Semantic Image Segmentation with Deep Convolutional Nets, Atrous Convolution, and Fully Connected CRFs}, 
      author={Liang-Chieh Chen and George Papandreou and Iasonas Kokkinos and Kevin Murphy and Alan L. Yuille},
      year={2017},
      eprint={1606.00915},
      archivePrefix={arXiv},
      primaryClass={cs.CV},
      url={https://arxiv.org/abs/1606.00915}, 
}

@misc{chen2018,
      title={Encoder-Decoder with Atrous Separable Convolution for Semantic Image Segmentation}, 
      author={Liang-Chieh Chen and Yukun Zhu and George Papandreou and Florian Schroff and Hartwig Adam},
      year={2018},
      eprint={1802.02611},
      archivePrefix={arXiv},
      primaryClass={cs.CV},
      url={https://arxiv.org/abs/1802.02611}, 
}

@article{chollet2016,
  author = {Chollet, F.},
  title = {Xception: Deep Learning with Depthwise Separable Convolutions},
  year = {2016},
  url = {http://arxiv.org/abs/1610.02357}
}

@article{courses2023,
  author = {Courses Teach},
  title = {Deep Learning (Part 1): Understanding Basic Neural Networks},
  year = {2023},
  url = {https://medium.com/@Coursesteach/deep-learning-part-1-86757cf5a0c3}
}

@inproceedings{cunha2020,
  author = {Cunha, R. L. F. and Silva, B.},
  title = {Estimating crop yields with remote sensing and deep learning},
  booktitle = {ISPRS Annals of the Photogrammetry, Remote Sensing and Spatial Information Sciences},
  volume = {IV-3/W2-2020},
  pages = {59--64},
  year = {2020},
  doi = {10.5194/isprs-annals-iv-3-w2-2020-59-2020}
}

@misc{dane2014,
  author = {DANE},
  title = {3er Censo Nacional Agropecuario},
  year = {2014}
}

@article{debaeke2023,
  author = {Debaeke, P. and Attia, F. and Champolivier, L. and Dejoux, J. F. and Micheneau, A. and Bitar, A. and Trépos, R.},
  title = {Forecasting sunflower grain yield using remote sensing data and statistical models},
  journal = {European Journal of Agronomy},
  volume = {142},
  year = {2023},
  doi = {10.1016/j.eja.2022.126677}
}

@article{descals2021,
  author = {Descals, A. and Wich, S. and Meijaard, E. and Gaveau, D. L. A. and Peedell, S. and Szantoi, Z.},
  title = {High-resolution global map of smallholder and industrial closed-canopy oil palm plantations},
  journal = {Earth System Science Data},
  volume = {13},
  number = {3},
  pages = {1211--1231},
  year = {2021},
  doi = {10.5194/ESSD-13-1211-2021}
}

@misc{diaz2023,
  author = {Diaz, N.},
  title = {Herramienta para la estimación del potencial bioenergético en municipios vulnerables de Colombia mediante imágenes satelitales y machine learning},
  year = {2023}
}

@article{divakar2022,
  author = {Divakar, M. S. and Elayidom, M. S. and Rajesh, R.},
  title = {Forecasting crop yield with deep learning based ensemble model},
  journal = {Materials Today: Proceedings},
  volume = {58},
  pages = {256--259},
  year = {2022},
  doi = {10.1016/j.matpr.2022.02.109}
}

@misc{dumoulin2018,
  author = {Dumoulin, V. and Visin, F. and Box, G. E. P.},
  title = {A guide to convolution arithmetic for deep learning},
  year = {2018},
  url = {http://ethanschoonover.com/solarized}
}

@article{elharrouss2022,
  author = {Elharrouss, O. and Akbari, Y. and Almaadeed, N. and Al-Maadeed, S.},
  title = {Backbones-Review: Feature Extraction Networks for Deep Learning and Deep Reinforcement Learning Approaches},
  year = {2022},
  url = {https://arxiv.org/abs/2206.08016v1}
}

@misc{esa2017,
  author = {European Space Agency},
  title = {Earth Engine Data Catalog: Sentinel-2 MSI: MultiSpectral Instrument, Level-2A},
  year = {2017},
  url = {https://developers.google.com/earth-engine/datasets/catalog/COPERNICUS_S2_SR}
}

@article{geng2021,
  author = {Geng, L. and Che, T. and Ma, M. and Tan, J. and Wang, H.},
  title = {Corn biomass estimation by integrating remote sensing and long-term observation data based on machine learning techniques},
  journal = {Remote Sensing},
  volume = {13},
  number = {12},
  year = {2021},
  doi = {10.3390/rs13122352}
}

@misc{goyal2021,
  author = {Goyal, S.},
  title = {Evaluation Metrics for Classification Models},
  year = {2021},
  url = {https://medium.com/analytics-vidhya/evaluation-metrics-for-classification-models-e2f0d8009d69}
}

@misc{gusarova2022,
  author = {Gusarova, M.},
  title = {Understanding AUC — ROC and Precision-Recall Curves},
  year = {2022},
  url = {https://medium.com/@data.science.enthusiast/auc-roc-curve-ae9180eaf4f7}
}

@misc{hu2021,
  author = {Hu, K. and Wang, Z. and Coleman, G. and Bender, A. and Yao, T. and Zeng, S. and Song, D. and Schumann, A. and Walsh, M.},
  title = {Deep Learning Techniques for In-Crop Weed Identification: A Review},
  year = {2021}
}

@misc{howard2017,
      title={MobileNets: Efficient Convolutional Neural Networks for Mobile Vision Applications}, 
      author={Andrew G. Howard and Menglong Zhu and Bo Chen and Dmitry Kalenichenko and Weijun Wang and Tobias Weyand and Marco Andreetto and Hartwig Adam},
      year={2017},
      eprint={1704.04861},
      archivePrefix={arXiv},
      primaryClass={cs.CV},
      url={https://arxiv.org/abs/1704.04861}, 
}

@misc{junguito2014,
  author = {Junguito, R. and Perfetti, J. J. and Becerra, A.},
  title = {Desarrollo de la agricultura colombiana},
  journal = {Cuadernos de Fedesarrollo},
  year = {2014},
  url = {https://ideas.repec.org/p/col/000439/011565.html}
}

@Manual{QGIS_software,
  title = {QGIS Geographic Information System},
  author = {{QGIS Development Team}},
  organization = {QGIS Association},
  year = {2024},
  howpublished = {\url{https://www.qgis.org}}
}

@article{martello2022,
  author = {Martello, M. and Molin, J. P. and Wei, M. C. F. and Canal Filho, R. and Nicoletti, J. V. M.},
  title = {Coffee-Yield Estimation Using High-Resolution Time-Series Satellite Images and Machine Learning},
  journal = {AgriEngineering},
  volume = {4},
  number = {4},
  pages = {888--902},
  year = {2022},
  doi = {10.3390/agriengineering4040057}
}

@misc{nasa_arset_2023,
	title = {{ARSET} - {Crop} {Mapping} using {Synthetic} {Aperture} {Radar} ({SAR}) and {Optical} {Remote} {Sensing}. {NASA} {Applied} {Remote} {Sensing} {Training} {Program} ({ARSET})},
	url = {http://appliedsciences.nasa.gov/get-involved/training/english/arset-crop-mapping-using-synthetic-aperture-radar-sar-and-optical},
	language = {en},
	urldate = {2024-12-10},
	author = {{NASA Applied Sciences}},
	year = {2023}
}

@misc{sentinel12014,
  title = {Earth Engine Data Catalog: Sentinel-1 SAR GRD: C-band Synthetic Aperture Radar Ground Range Detected, log scaling},
  year = {2014}
}

@inproceedings{sepulveda2020,
author = {Sepúlveda Casadiego, Yulian},
year = {2020},
month = {09},
pages = {},
title = {Machine learning in agriculture, review and applications. Machine learning en la agricultura, revisión y aplicaciones},
doi = {10.13140/RG.2.2.26708.01921}
}

@article{thayer2020,
  author = {Thayer, A. W. and Vargas, A. and Castellanos, A. A. and Lafon, C. W. and McCarl, B. A. and Roelke, D. L. and Winemiller, K. O. and Lacher, T. E.},
  title = {Integrating Agriculture and Ecosystems to Find Suitable Adaptations to Climate Change},
  journal = {Climate},
  volume = {8},
  number = {1},
  pages = {10},
  year = {2020},
  doi = {10.3390/CLI8010010}
}

@article{victor2022,
  author = {Victor, B. and He, Z. and Nibali, A.},
  title = {A systematic review of the use of Deep Learning in Satellite Imagery for Agriculture},
  year = {2022},
  volume = {12},
  pages = {345--367},
  url = {https://arxiv.org/abs/2210.01272v2}
}
